@online{gcc1,
	author = {Michael Larabel},
	title = {GCC Soars Past 14.5 Million Lines Of Code \& I'm Real Excited For GCC 5},
	date = {2015},
	month = {1},
	day = {5},
	media = {eresource},
	urldate = {2021-12-14},
	url = {https://www.phoronix.com/scan.php?page=news_item\&px=MTg3OTQ}
}

@online{gcc2,
	author = {Jonathan Wakely and others},
	title = {reload},
	date = {2017},
	month = {8},
	day = {9},
	media = {eresource},
	urldate = {2021-12-14},
	url = {https://gcc.gnu.org/wiki/reload}
}

@book{keith1,
	author = {London, Keith},
	date = {1968},
	title = {Introduction to Computers},
	location = {24 Russell Square London WC1},
	publisher = {Faber and Faber Limited},
	pages = {186},
	isbn = {0571085938}
}

@book{randall1,
	author = {Randall Hyde},
	date = {2010},
	title = {The art of assembly language},
	edition = {2},
	location = {San Francisco},
	publisher = {No Starch Press},
	isbn = {9781593273019}
}

@book{Aho1,
	author = {Aho, Alfred V. and Sethi, Ravi and Ullman, Jeffrey D.},
	date = {1986},
	title = {Compilers: Principles, Techniques, and Tools},
	location = {Reading, Massachusetts},
	publisher = {Addison-Wesley},
	pages = {585},
	isbn = {0-201-10088-6}
}

@book{defense1,
	author = {{U.S. Department of Defense}},
	date = {2001},
	month = {1},
	title = {Systems Engineering Fundamentals},
	location = {Fort Belvoir, Virginia},
	publisher = {Defense Acquisition University Press}
}

@inproceedings{idef3,
	author = {Mounira Harzallah},
	date = {2007},
	title = {Incorporating IDEF3 into the Unified Enterprise Modelling Language},
	booktitle = {Proceedings of the 2007 Eleventh International IEEE EDOC Conference Workshop},
	pages = {133–140}
}

@book{dfd,
	author = {Gane, Chris and Sarson, Trish},
	title = {Structured Systems Analysis: Tools and Techniques},
	location = {New York},
	publisher = {Improved Systems Technologies},
	date = {1977},
	isbn = {978-0930196004},
	pages = {373}
}

@book{fowler,
	author = {Fowler, Martin},
	date = {2004},
	title = {UML Distilled: A Brief Guide to the Standard Object Modeling
		Language},
	edition = {3},
	publisher = {Addison-Wesley},
	isbn = {0-321-19368-7}
}

@book{martin,
	author = {Martin, Robert Cecil},
	date = {2003},
	title = {UML for Java Programmers},
	publisher = {Prentice Hall},
	isbn = {0-13-142848-9}
}

@book{douglass,
	author = {Douglass, Bruce},
	date = {2004},
	title = {Real-Time UML},
	edition = {3},
	publisher = {Newnes},
	isbn = {9780321160768}
}

@book{penker,
	author = {Penker, Magnus and Hans-Erik Eriksson},
	date = {2000},
	title = {Business Modeling with UML},
	publisher = {John Wiley \& Sons},
	isbn = {0-471-29551-5}
}

@book{hunt,
	author = {John Hunt},
	date = {2000},
	title = {The Unified Process for Practitioners: Object-oriented Design,
		UML and Java},
	publisher = {Springer},
	isbn = {1-85233-275-1},
	pages = {25}
}

@book{buch,
	author = {Г. Буч and Д. Рамбо and И. Якобсон},
	title = {Краткая история UML},
	booktitle = {Язык UML. Руководство пользователя},
	edition = {2},
	location = {Москва},
	publisher = {ДМК Пресс},
	date = {2006},
	pages = {14},
	pagetotal = {496},
	isbn = {5-94074-334-X}
}
